<?xml version='1.0' encoding='utf-8'?>
<record xmlns="http://www.loc.gov/MARC21/slim" xmlns:xsi="http://www.w3.org/2001/XMLSchema-instance">
  <leader>^^^^^ngmaa2200385^a^4500</leader>
  <controlfield tag="001">003938353</controlfield>
  <controlfield tag="005">19961015000000.0</controlfield>
  <controlfield tag="007">vf|cbahou</controlfield>
  <controlfield tag="008">961014s1995^^^^miu058|^^^^^^^^^^|vneng^d</controlfield>
  <datafield tag="020" ind1=" " ind2=" ">
    <subfield code="a">1882882024</subfield>
  </datafield>
  <datafield tag="035" ind1=" " ind2=" ">
    <subfield code="a">(OCoLC)ocm35394943</subfield>
  </datafield>
  <datafield tag="040" ind1=" " ind2=" ">
    <subfield code="a">MiU-H</subfield>
    <subfield code="c">MiU-H</subfield>
  </datafield>
  <datafield tag="245" ind1="0" ind2="0">
    <subfield code="a">Cherryland</subfield>
    <subfield code="h">[videorecording] /</subfield>
    <subfield code="c">a film by William Jamerson.</subfield>
  </datafield>
  <datafield tag="246" ind1="1" ind2=" ">
    <subfield code="i">Subtitle on container:</subfield>
    <subfield code="a">National Cherry Festival.</subfield>
  </datafield>
  <datafield tag="260" ind1=" " ind2=" ">
    <subfield code="a">Traverse City, MI :</subfield>
    <subfield code="b">Forgotten Films &amp; Video,</subfield>
    <subfield code="c">c1995.</subfield>
  </datafield>
  <datafield tag="300" ind1=" " ind2=" ">
    <subfield code="a">1 videocassette (58 min.) :</subfield>
    <subfield code="b">sd., col. and b&amp;w ;</subfield>
    <subfield code="c">1/2 in.</subfield>
  </datafield>
  <datafield tag="538" ind1=" " ind2=" ">
    <subfield code="a">VHS.</subfield>
  </datafield>
  <datafield tag="508" ind1=" " ind2=" ">
    <subfield code="a">Written, produced &amp; directed by William Jamerson; narrated by Philip Murphy; edited by Scott Adam Vanderschel.</subfield>
  </datafield>
  <datafield tag="520" ind1=" " ind2=" ">
    <subfield code="a">Explores the path of the National Cherry Festival, from its beginnings in the 1920s as a religious ceremony through the 1960s. Combines archival footage and photographs with location cinematography.</subfield>
  </datafield>
  <datafield tag="500" ind1=" " ind2=" ">
    <subfield code="a">Donor: 1771</subfield>
  </datafield>
  <datafield tag="611" ind1="2" ind2="0">
    <subfield code="a">National Cherry Festival (Traverse City, Mich.)</subfield>
    <subfield code="x">History.</subfield>
  </datafield>
  <datafield tag="651" ind1=" " ind2="0">
    <subfield code="a">Traverse City (Mich.)</subfield>
    <subfield code="x">History.</subfield>
  </datafield>
  <datafield tag="650" ind1=" " ind2="7">
    <subfield code="a">Cherry orchards</subfield>
    <subfield code="z">Michigan</subfield>
    <subfield code="z">Traverse City.</subfield>
    <subfield code="2">lctgm</subfield>
  </datafield>
  <datafield tag="650" ind1=" " ind2="7">
    <subfield code="a">Cherries</subfield>
    <subfield code="z">Michigan</subfield>
    <subfield code="z">Traverse City.</subfield>
    <subfield code="2">lctgm</subfield>
  </datafield>
  <datafield tag="650" ind1=" " ind2="7">
    <subfield code="a">Harvesting</subfield>
    <subfield code="z">Michigan</subfield>
    <subfield code="z">Traverse City.</subfield>
    <subfield code="2">lctgm</subfield>
  </datafield>
  <datafield tag="650" ind1=" " ind2="7">
    <subfield code="a">Beauty contests</subfield>
    <subfield code="z">Michigan</subfield>
    <subfield code="z">Traverse City.</subfield>
    <subfield code="2">lctgm</subfield>
  </datafield>
  <datafield tag="650" ind1=" " ind2="7">
    <subfield code="a">Fairs</subfield>
    <subfield code="z">Michigan</subfield>
    <subfield code="z">Traverse City.</subfield>
    <subfield code="2">lctgm</subfield>
  </datafield>
  <datafield tag="650" ind1=" " ind2="7">
    <subfield code="a">Parades and processions</subfield>
    <subfield code="z">Michigan</subfield>
    <subfield code="z">Traverse City.</subfield>
    <subfield code="2">lctgm</subfield>
  </datafield>
  <datafield tag="655" ind1=" " ind2="7">
    <subfield code="a">Videotapes.</subfield>
    <subfield code="2">aat</subfield>
  </datafield>
  <datafield tag="700" ind1="1" ind2=" ">
    <subfield code="a">Jamerson, William.</subfield>
  </datafield>
  <datafield tag="710" ind1="2" ind2=" ">
    <subfield code="a">Forgotten Films &amp; Video.</subfield>
  </datafield>
  <datafield tag="852" ind1="8" ind2=" ">
    <subfield code="a">MiU-H</subfield>
    <subfield code="b">BENT</subfield>
    <subfield code="h">9661 Aa 2</subfield>
  </datafield>
  <datafield tag="998" ind1=" " ind2=" ">
    <subfield code="c">TEP</subfield>
  </datafield>
  <datafield tag="955" ind1=" " ind2=" ">
    <subfield code="b">BENT</subfield>
    <subfield code="p">B1685872</subfield>
  </datafield>
</record>
